@book{Griffiths:611579,
      author        = "Griffiths, David J",
      title         = "{Introduction to electrodynamics; 3rd ed.}",
      publisher     = "Prentice-Hall",
      address       = "Upper Saddle River, NJ",
      year          = "1999",
      url           = "https://cds.cern.ch/record/611579",
}

@online{noauthor_cylindrical_2021,
	title = {Del in cylindrical and spherical coordinates},
	copyright = {Creative Commons Attribution-ShareAlike License},
	url = {https://en.wikipedia.org/w/index.php?title=Del_in_cylindrical_and_spherical_coordinates&oldid=1016691595},
	abstract = {This is a list of some vector calculus formulae for working with common curvilinear coordinate systems.},
	language = {en},
	urldate = {2021-06-03},
	journal = {Wikipedia},
	month = apr,
	year = {2021},
	note = {Page Version ID: 1016691595},
	file = {Snapshot:C\:\\Users\\joeyl\\Zotero\\storage\\5QJ9AEH5\\2021 - Del in cylindrical and spherical coordinates.html:text/html},
}
