@online{noauthor_coupled_nodate,
	title = {Coupled Pendula},
	url = "https://repo.iitbhu.ac.in/db/2016/ir-2016-382/",
	titleaddon = {India Institute of Technology},
	urldate = {2021-06-06},
	langid = {english},
	file = {Index of /db/2016/ir-2016-382:C\:\\Users\\joeyl\\Zotero\\storage\\C6EQYFJD\\ir-2016-382.html:text/html},
}

@manual{lab_note,
  title        = {Coupled Pendula},
  author       = {UNSW},
  publisher    = {UNSW Physics},
  year         = {2016}
}

@book{Taylor,
  author         = {John R. Taylor},
  editor         = {Lee Youn},
  title          = {Classical Mechanics},
  publisher      = {University Science Books},
  year           = {2005}
}

@ARTICLE{2020SciPy-NMeth,
  author  = {Virtanen, Pauli and Gommers, Ralf and Oliphant, Travis E. and
            Haberland, Matt and Reddy, Tyler and Cournapeau, David and
            Burovski, Evgeni and Peterson, Pearu and Weckesser, Warren and
            Bright, Jonathan and {van der Walt}, St{\'e}fan J. and
            Brett, Matthew and Wilson, Joshua and Millman, K. Jarrod and
            Mayorov, Nikolay and Nelson, Andrew R. J. and Jones, Eric and
            Kern, Robert and Larson, Eric and Carey, C J and
            Polat, {\.I}lhan and Feng, Yu and Moore, Eric W. and
            {VanderPlas}, Jake and Laxalde, Denis and Perktold, Josef and
            Cimrman, Robert and Henriksen, Ian and Quintero, E. A. and
            Harris, Charles R. and Archibald, Anne M. and
            Ribeiro, Ant{\^o}nio H. and Pedregosa, Fabian and
            {van Mulbregt}, Paul and {SciPy 1.0 Contributors}},
  title   = {{{SciPy} 1.0: Fundamental Algorithms for Scientific
            Computing in Python}},
  journal = {Nature Methods},
  year    = {2020},
  volume  = {17},
  pages   = {261--272},
  adsurl  = {https://rdcu.be/b08Wh},
  doi     = {10.1038/s41592-019-0686-2},
}

@Article{         harris2020array,
 title         = {Array programming with {NumPy}},
 author        = {Charles R. Harris and K. Jarrod Millman and St{\'{e}}fan J.
                 van der Walt and Ralf Gommers and Pauli Virtanen and David
                 Cournapeau and Eric Wieser and Julian Taylor and Sebastian
                 Berg and Nathaniel J. Smith and Robert Kern and Matti Picus
                 and Stephan Hoyer and Marten H. van Kerkwijk and Matthew
                 Brett and Allan Haldane and Jaime Fern{\'{a}}ndez del
                 R{\'{i}}o and Mark Wiebe and Pearu Peterson and Pierre
                 G{\'{e}}rard-Marchant and Kevin Sheppard and Tyler Reddy and
                 Warren Weckesser and Hameer Abbasi and Christoph Gohlke and
                 Travis E. Oliphant},
 year          = {2020},
 month         = sep,
 journal       = {Nature},
 volume        = {585},
 number        = {7825},
 pages         = {357--362},
 doi           = {10.1038/s41586-020-2649-2},
 publisher     = {Springer Science and Business Media {LLC}},
 url           = {https://doi.org/10.1038/s41586-020-2649-2}
}

@Article{         lmfit,
 title         = {LMFIT: Non-Linear Least-Square Minimization and Curve-Fitting for Python (Version 0.8.0)},
 author        = { Matt Newville and Renee Otten and Andrew Nelson and Antonino Ingargiola and Till Stensitzki and Dan Allan and Austin Fox and Faustin Carter and Micha≈Ç and Dima Pustakhod and lneuhaus and Sebastian Weigand and Ray Osborn and Glenn and Christoph Deil and Mark and Allan L. R. Hansen and Gustavo Pasquevich and Leon Foks and Nicholas Zobrist and Oliver Frost and Alexandre Beelen and Stuermer and kwertyops and Anthony Polloreno and Shane Caldwell and Anthony Almarza and Arun Persaud and Ben Gamari and Benjamin F. Maier},
 year          = {2021},
 month         = feb,
 journal       = {zenodo},
 doi           = {10.5281/zenodo.11813},
 url           = {http://doi.org/10.5281/zenodo.11813}
}

@software{math,
  author = {{Wolfram Research, Inc.}},
  title = {Mathematica 12.3},
  url = {https://www.wolfram.com},
  version = {12.3},
  year = {2021},
}